<record><leader>00000cas a22000007a 4500</leader><controlfield tag="001">21532622</controlfield><controlfield tag="008">900514d18uu19uucoudr ne      0    0eng d</controlfield><datafield ind1=" " ind2=" " tag="010"><subfield code="a">sn 90051327 </subfield></datafield><datafield ind1=" " ind2=" " tag="040"><subfield code="a">CNQ</subfield><subfield code="b">eng</subfield><subfield code="c">CNQ</subfield><subfield code="d">OCLCQ</subfield></datafield><datafield ind1=" " ind2=" " tag="042"><subfield code="a">msc</subfield></datafield><datafield ind1="0" ind2="4" tag="245"><subfield code="a">The daily Montrose enterprise.</subfield></datafield><datafield ind1="1" ind2="7" tag="246"><subfield code="a">Montrose enterprise</subfield></datafield><datafield ind1=" " ind2=" " tag="260"><subfield code="a">Montrose, Colo. :</subfield><subfield code="b">Enterprise Print. Co.</subfield></datafield><datafield ind1=" " ind2=" " tag="300"><subfield code="a">v.</subfield></datafield><datafield ind1=" " ind2=" " tag="310"><subfield code="a">Daily</subfield></datafield><datafield ind1=" " ind2=" " tag="530"><subfield code="a">Available on microfilm from the Colorado Historical Society.</subfield></datafield><datafield ind1=" " ind2=" " tag="580"><subfield code="a">Weekly ed.: Montrose enterprise.</subfield></datafield><datafield ind1=" " ind2=" " tag="588"><subfield code="a">Description based on: Vol. 31, no. 289 (Dec. 4, 1920).</subfield></datafield><datafield ind1=" " ind2=" " tag="752"><subfield code="a">United States</subfield><subfield code="b">Colorado</subfield><subfield code="c">Montrose</subfield><subfield code="d">Montrose.</subfield></datafield><datafield ind1="1" ind2=" " tag="775"><subfield code="t">Montrose enterprise</subfield><subfield code="w">(DLC)sn 90051325</subfield></datafield></record>